@incollection{IntroductionToModelChecking,
  author    = {Edmund M. Clarke and Thomas A. Henzinger and Helmut Veith},
  title     = {Introduction to Model Checking},
  booktitle = {Handbook of Model Checking},
  doi       = {10.1007/978-3-319-10575-8_1},
  editor    = {Edmund M. Clarke and Thomas A. Henzinger and Helmut Veith and Roderick Bloem},
  isbn      = {978-3-319-10575-8},
  pages     = {1-16},
  publisher = {Springer Cham},
  series    = { },
  year      = {2018},
}

@inproceedings {Theta,
	title = {Theta: a Framework for Abstraction Refinement-Based Model Checking},
	booktitle = {Proceedings of the 17th Conference on Formal Methods in Computer-Aided Design},
	year = {2017},
	pages = {176{\textendash}179},
	publisher = {FMCAD Inc.},
	organization = {FMCAD Inc.},
	address = {Vienna, Austria},
	isbn = {978-0-9835678-7-5},
	url = {http://www.cs.utexas.edu/users/hunt/FMCAD/FMCAD17/proceedings/},
	author = {Tam{\'a}s T{\'o}th and {\'A}kos Hajdu and Andr{\'a}s V{\"o}r{\"o}s and Zolt{\'a}n Micskei and Istv{\'a}n Majzik},
	editor = {Stewart, Daryl and Weissenbacher, Georg}
}

@inproceedings{Gamma,
    author = {Vince Moln{\'{a}}r and
              Bence Graics and
              Andr{\'{a}}s V{\"{o}}r{\"{o}}s and
              Istv{\'{a}}n Majzik and
              D{\'{a}}niel Varr{\'{o}}},
    title = {The {G}amma statechart composition framework: design, verification and code generation for component-based reactive systems},
    booktitle = {Proceedings of the 40th International Conference on Software Engineering: Companion Proceeedings},
    pages = {113--116},
    year = {2018},
    publisher = {ACM},
    doi = {10.1145/3183440.3183489}
}

@misc{Elekes2022,
	doi = {10.21203/rs.3.rs-1577254/v1},
	year = {2022},
	publisher = {Research Square Preprints},
	author = {M{\'{a}}rton Elekes and Vince Moln{\'{a}}r and Zolt{\'{a}}n Micskei},
	title = {Assessing the specification of modelling language semantics: A study on {UML} {PSSM}},
}

@Article{Graics2020,
author={Graics, Bence
and Moln{\'a}r, Vince
and V{\"o}r{\"o}s, Andr{\'a}s
and Majzik, Istv{\'a}n
and Varr{\'o}, D{\'a}niel},
title={Mixed-semantics composition of statecharts for the component-based design of reactive systems},
journal={Software and Systems Modeling},
year={2020},
month={Nov},
day={01},
volume={19},
number={6},
pages={1483-1517},
issn={1619-1374},
doi={10.1007/s10270-020-00806-5},
}

@mastersthesis {XSTS,
	title = {Formal verification of engineering models via extended symbolic transition systems},
	school = {Budapest University of Technology and Economics},
	type = {Bachelor's Thesis},
	year = {2020},
	author = {Mil{\'a}n Mondok}
}

@misc{uml,
    author = {Object Management Group},
    title = {{Unified Modeling Language ({UML}-v2.5.1)}},
    year = {2017},
    url = {https://www.omg.org/spec/UML/2.5.1/About-UML}
}

@misc{sysml,
    author = {Object Management Group},
    title = {{System Modeling Language ({SysML}-v1.6)}},
    year = {2019},
    url = {https://www.omg.org/spec/SysML/1.6/About-SysML}
}

@misc{pssm,
    author = {Object Management Group},
    title = {Precise Semantics of {UML} State Machines ({PSSM}-v1.0)},
    year = {2019},
    url = {https://www.omg.org/spec/PSSM/1.0/About-PSSM}
}


@Article{theta-arg,
author={Hajdu, Ákos and Micskei, Zoltán},
title={Efficient Strategies for {CEGAR}-Based Model Checking},
journal={Journal of Automated Reasoning},
year={2020},
month={Aug},
day={1},
pages={1051-1091},
doi={10.1007/s10817-019-09535-x},
}

@inproceedings{xsts-split,
    author = {Péter Szkupien and Vince Moln{\'{a}}r},
    title = {The Effect of Transition Granularity in the Model Checking of Reactive Systems},
    booktitle = {Proceedings of the 29th Minisymposium of the Department of Measurement and Information Systems},
    pages = {54--57},
    year = {2022},
    doi = {10.3311/MINISY2022-014}
}

@ARTICLE{spin,
  author={Holzmann, G.J.},
  journal={IEEE Transactions on Software Engineering}, 
  title={The model checker {SPIN}}, 
  year={1997},
  volume={23},
  number={5},
  pages={279-295},
  doi={10.1109/32.588521}}

@article{uppaal,
  title={{UPPAAL} in a nutshell},
  author={Larsen, Kim G and Pettersson, Paul and Yi, Wang},
  journal={International journal on software tools for technology transfer},
  volume={1},
  number={1-2},
  pages={134--152},
  year={1997},
  publisher={Springer}
}

@incollection{mc,
  author    = {Edmund M. Clarke and Thomas A. Henzinger and Helmut Veith},
  title     = {Introduction to Model Checking},
  booktitle = {Handbook of Model Checking},
  doi       = {10.1007/978-3-319-10575-8_1},
  editor    = {Edmund M. Clarke and Thomas A. Henzinger and Helmut Veith and Roderick Bloem},
  isbn      = {978-3-319-10575-8},
  pages     = {1-16},
  publisher = {Springer Cham},
  series    = { },
  year      = {2018},
}

@ARTICLE{Seidewitz2003,  author={Seidewitz, E.},  journal={IEEE Software},   title={What models mean},   year={2003},  volume={20},  number={5},  pages={26-32},  doi={10.1109/MS.2003.1231147}}

@ARTICLE{mbse,  author={Ramos, Ana Luísa and Ferreira, José Vasconcelos and Barceló, Jaume},  journal={{IEEE} Transactions on Systems, Man, and Cybernetics, Part C (Applications and Reviews)},   title={Model-Based Systems Engineering: An Emerging Approach for Modern Systems},   year={2012},  volume={42},  number={1},  pages={101-111},  doi={10.1109/TSMCC.2011.2106495}}

@incollection{smt,
  author    = {Barrett, Clark and Tinelli, Cesare},
  title     = {Satisfiability Modulo Theories},
  booktitle = {Handbook of Model Checking},
  doi       = {10.1007/978-3-319-10575-8_11},
  editor    = {Edmund M. Clarke and Thomas A. Henzinger and Helmut Veith and Roderick Bloem},
  isbn      = {978-3-319-10575-8},
  pages     = {305-343},
  publisher = {Springer Cham},
  series    = { },
  year      = {2018},
}

@mastersthesis{tdk,
  author = {Péter Szkupien and {\'{A}}rmin Zavada},
  title = {Formal Methods for Better Standards: Validating the {UML} {PSSM} Standard About State Machine Semantics},
  school = {Budapest University of Technology and Economics},
  year = {2022},
  type = {Scientific Students’ Association Report},
  url = {https://tdk.bme.hu/VIK/sw8/Formalis-modszerekkel-a-jobb-szabvanyokert-Az},
}

@article{Harel,
title = {Statecharts: a visual formalism for complex systems},
journal = {Science of Computer Programming},
volume = {8},
number = {3},
pages = {231-274},
year = {1987},
issn = {0167-6423},
doi = {10.1016/0167-6423(87)90035-9},
url = {https://www.sciencedirect.com/science/article/pii/0167642387900359},
author = {David Harel},
}

@inbook{se2035,
author = {Miller, William},
year = {2022},
month = {10},
pages = {},
title = {The Future of Systems Engineering: Realizing the Systems Engineering Vision 2035},
isbn = {9781643683386},
doi = {10.3233/ATDE220707}
}

@inproceedings{cfa,
author = {Allen, Frances E.},
title = {Control Flow Analysis},
year = {1970},
isbn = {9781450373869},
publisher = {Association for Computing Machinery},
address = {New York, NY, USA},
doi = {10.1145/800028.808479},
booktitle = {Proceedings of a Symposium on Compiler Optimization},
pages = {1–19},
numpages = {19},
location = {Urbana-Champaign, Illinois}
}

@incollection{tl,
  author    = {Nir Piterman and Amir Pnueli},
  title     = {Temporal Logic and Fair Discrete Systems},
  booktitle = {Handbook of Model Checking},
  doi       = {10.1007/978-3-319-10575-8_2},
  editor    = {Edmund M. Clarke and Thomas A. Henzinger and Helmut Veith and Roderick Bloem},
  isbn      = {978-3-319-10575-8},
  pages     = {27-73},
  publisher = {Springer Cham},
  series    = { },
  year      = {2018},
}
